@Article{a,
author = {ger},
title = {elastomere},
journal = {physics},
year = {1789},
OPTkey = {?},
OPTvolume = {?},
OPTnumber = {?},
OPTpages = {?},
OPTmonth = {?},
OPTnote = {?},
OPTannote = {?}
}

@Unpublished{bl√ºb,
author = {?},
title = {?},
note = {?},
OPTkey = {?},
OPTmonth = {?},
OPTyear = {?},
OPTannote = {?}
}
